@article{wustarbucks,
  title={Starbucks Coffee Statistical Analysis},
  author={Wu, Anna}
}


@article{ouguz2016kahve,
  title={Kahve t{\"u}ketiminin kalp sa{\u{g}}l{\i}{\u{g}}{\i} {\"u}zerine etkisi},
  author={O{\u{g}}uz, S{\i}d{\i}ka and Erdo{\u{g}}an, Zeynep and others},
  journal={Journal of Cardiovascular Nursing},
  volume={7},
  number={14},
  pages={136--139},
  year={2016}
}



@incollection{amorim1977coffee,
  title={Coffee enzymes and coffee quality},
  author={AMORIM, HENRIQUE V and AMORIM, VERA L},
  year={1977},
  publisher={ACS Publications}
}




@article{acheson1980caffeine,
  title={Caffeine and coffee: their influence on metabolic rate and substrate utilization in normal weight and obese individuals},
  author={Acheson, Kevin J and Zahorska-Markiewicz, Barbara and Pittet, Philippe and Anantharaman, Karthik and J{\'e}quier, Eric},
  journal={The American journal of clinical nutrition},
  volume={33},
  number={5},
  pages={989--997},
  year={1980},
  publisher={Oxford University Press}
}



@article{mccusker2006caffeine,
  title={Caffeine content of decaffeinated coffee},
  author={McCusker, Rachel R and Fuehrlein, Brian and Goldberger, Bruce A and Gold, Mark S and Cone, Edward J},
  journal={Journal of Analytical Toxicology},
  volume={30},
  number={8},
  pages={611--613},
  year={2006},
  publisher={Oxford University Press}
}




@article{koch2019starbucks,
  title={Starbucks Espresso Drinks: More Than the Average Cup of Joe},
  author={Koch, Laura},
  journal={Journal of Renal Nutrition},
  volume={29},
  number={1},
  pages={e1--e4},
  year={2019},
  publisher={Elsevier}
}




@article{christensen2001abstention,
  title={Abstention from filtered coffee reduces the concentrations of plasma homocysteine and serum cholesterolâ€”a randomized controlled trial},
  author={Christensen, Benedicte and Mosdol, Annhild and Retterstol, Lars and Landaas, Sverre and Thelle, Dag S},
  journal={The American journal of clinical nutrition},
  volume={74},
  number={3},
  pages={302--307},
  year={2001},
  publisher={Oxford University Press}
}




@article{isogawa2003coffee,
  title={Coffee consumption and risk of type 2 diabetes mellitus},
  author={Isogawa, Akihiro and Noda, Mitsuhiko and Takahashi, Yoshihiko and Kadowaki, Takashi and Tsugane, Shoichiro},
  journal={The Lancet},
  volume={361},
  number={9358},
  pages={703--704},
  year={2003},
  publisher={Elsevier}
}


